@article{Makandar2015,
author = {Makandar, Aziz and Halalli, Bhagirathi},
file = {:Users/nikhil/Desktop/reserach papers/562ddf6c51587679543e51667efd48379529.pdf:pdf},
keywords = {Breast Cancer, Mammography, Denoising, Contrast enhancement, Root Mean Square Error (RMSE), Peak Signal to Noise Ratio (PSNR), Contrast-Limited Adaptive Histogram Equalization (CLAHE).},
number = {4},
pages = {462--465},
title = {{Breast Cancer Image Enhancement using Median Filter and CLAHE}},
volume = {6},
year = {2015}
}
@article{Koltun,
archivePrefix = {arXiv},
arxivId = {arXiv:1210.5644v1},
author = {Koltun, Vladlen},
eprint = {arXiv:1210.5644v1},
file = {:Users/nikhil/Desktop/reserach papers/1210.5644.pdf:pdf},
pages = {1--9},
title = {{Efficient Inference in Fully Connected CRFs with Gaussian Edge Potentials}}
}
@article{Chen2015,
archivePrefix = {arXiv},
arxivId = {arXiv:1412.7062v4},
author = {Chen, Liang-chieh and Kokkinos, Iasonas and Murphy, Kevin and Yuille, Alan L},
eprint = {arXiv:1412.7062v4},
file = {:Users/nikhil/Desktop/reserach papers/1412.7062.pdf:pdf},
pages = {1--14},
title = {{S EMANTIC I MAGE S EGMENTATION WITH D EEP C ON -}},
year = {2015}
}
@article{Zheng,
archivePrefix = {arXiv},
arxivId = {arXiv:1502.03240v3},
author = {Zheng, Shuai and Jayasumana, Sadeep and Romera-paredes, Bernardino and Vineet, Vibhav and Su, Zhizhong and Du, Dalong and Huang, Chang and Torr, Philip H S},
eprint = {arXiv:1502.03240v3},
file = {:Users/nikhil/Desktop/reserach papers/1502.03240.pdf:pdf},
title = {{Conditional Random Fields as Recurrent Neural Networks}}
}
@article{Sun,
author = {Sun, Hui and Li, Cheng and Liu, Boqiang and Zheng, Hairong and Feng, David Dagan and Wang, Shanshan},
file = {:Users/nikhil/Desktop/reserach papers/1810.10151.pdf:pdf},
keywords = {breast cancer,deep learning,mammogram,segmentation},
title = {{AUNet : Attention-guided dense-upsampling networks for breast mass segmentation in whole mammograms}}
}
@article{Reddi2018,
archivePrefix = {arXiv},
arxivId = {arXiv:1904.09237v1},
author = {Reddi, Sashank J and Kale, Satyen and Kumar, Sanjiv and York, Google New},
eprint = {arXiv:1904.09237v1},
file = {:Users/nikhil/Desktop/reserach papers/1904.09237.pdf:pdf},
pages = {1--23},
title = {{N the convergence of}},
year = {2018}
}
@article{Chen2010,
author = {Chen, Hao and Qi, Xiaojuan and Cheng, Jie-zhi and Heng, Pheng-ann},
file = {:Users/nikhil/Desktop/reserach papers/11789-55595-1-PB.pdf:pdf},
keywords = {Technical Papers: Machine Learning Applications},
pages = {1167--1173},
title = {{Deep Contextual Networks for Neuronal Structure Segmentation}},
year = {2010}
}
@article{Zhu2018,
author = {Zhu, Wentao},
file = {:Users/nikhil/Desktop/reserach papers/392969.full.pdf:pdf},
keywords = {3d se u-net,3d squeeze-and-excitation u-net,anatomical segmentation,fast and fully automated,head and neck organ,radiation therapy,segmentation},
pages = {1--14},
title = {{AnatomyNet : Deep 3D Squeeze-and-excitation U-Nets for fast and fully automated whole-volume anatomical segmentation}},
year = {2018}
}
@article{Muniasamy2015,
author = {Muniasamy, Sundaram},
file = {:Users/nikhil/Desktop/reserach papers/ASOC1171.pdf:pdf},
number = {April},
title = {{Histogram Modified Local Contrast Enhancement for Mammogram Images}},
year = {2015}
}
@article{Lee2015,
author = {Lee, Chen-yu and Xie, Saining and Gallagher, Patrick W},
file = {:Users/nikhil/Desktop/reserach papers/lee15a.pdf:pdf},
title = {{Deeply-Supervised Nets}},
volume = {38},
year = {2015}
}
@article{Lee2017,
author = {Lee, Rebecca Sawyer and Gimenez, Francisco and Hoogi, Assaf and Miyake, Kanae Kawai and Gorovoy, Mia and Rubin, Daniel L},
doi = {10.1038/sdata.2017.177},
file = {:Users/nikhil/Desktop/reserach papers/lee2017.pdf:pdf},
journal = {Nature Publishing Group},
pages = {1--9},
publisher = {The Author(s)},
title = {{Data Descriptor : A curated mammography data set for use in computer-aided detection and diagnosis research}},
url = {http://dx.doi.org/10.1038/sdata.2017.177},
volume = {4},
year = {2017}
}
@article{Mishra2018,
author = {Mishra, Deepak and Chaudhury, Santanu and Sarkar, Mukul and Soin, Arvinder Singh},
doi = {10.1109/TBME.2018.2877577},
file = {:Users/nikhil/Desktop/reserach papers/mishra2018.pdf:pdf},
journal = {IEEE Transactions on Biomedical Engineering},
number = {X},
pages = {1},
publisher = {IEEE},
title = {{Ultrasound Image Segmentation : A Deeply Supervised Network with Attention to Boundaries}},
volume = {PP},
year = {2018}
}
@article{Cardoso,
author = {Cardoso, Jaime S},
doi = {10.1016/j.acra.2011.09.014},
file = {:Users/nikhil/Desktop/reserach papers/moreira2012.pdf:pdf},
keywords = {cad,computer-aided detection,computer-aided diagnosis,mammographic database},
number = {9},
title = {{Technical Report}}
}
@article{Ronneberger2015,
author = {Ronneberger, Olaf and Fischer, Philipp and Brox, Thomas},
doi = {10.1007/978-3-319-24574-4},
file = {:Users/nikhil/Desktop/reserach papers/ronneberger2015.pdf:pdf},
isbn = {9783319245744},
pages = {234--241},
title = {{U-Net : Convolutional Networks for Biomedical}},
year = {2015}
}
